@book{oopBook,
    title={{O}bject oriented programming with {ANSI-C}},
    author={Axel-Tobias Schreiner},
    year={1993},
    publisher={RIT Scholar Works},
    pages={223}
}
